@misc{falavinha,
author = {{FALAVINHA JUNIOR, Jos\´{e} Nelson}},
pages = {103},
url = {http://hdl.handle.net/11449/100313},
urldate = {2017-05-08},
publisher = {FALAVINHA JUNIOR},
title = {{Escalonamento de tarefas em sistemas distribuídos baseado no conceito de propriedade distribu\´{i}da}},
year = {2017}
}
